@ARTICLE{otsu,
  author={Otsu, Nobuyuki},
  journal={IEEE Transactions on Systems, Man, and Cybernetics}, 
  title={A Threshold Selection Method from Gray-Level Histograms}, 
  year={1979},
  volume={9},
  number={1},
  pages={62-66},
  doi={10.1109/TSMC.1979.4310076}}
  
@ARTICLE{gilles,
  author={Gilles, Jérôme},
  journal={IEEE Transactions on Signal Processing}, 
  title={Empirical Wavelet Transform}, 
  year={2013},
  volume={61},
  number={16},
  pages={3999-4010},
  doi={10.1109/TSP.2013.2265222}}
  
@article{ssdmd,
author = {Alford-Lago, Daniel J. and Curtis, Christopher W. and Ihler, Alexander T. and Zawdie, Katherine A.},
title = {Scale-Separated Dynamic Mode Decomposition and Ionospheric Forecasting},
journal = {Radio Science},
volume = {58},
number = {8},
pages = {e2022RS007637},
year = {2023}
}

@article{idtxl, 
year = {2019}, 
publisher = {The Open Journal}, 
volume = {4}, 
number = {34}, 
pages = {1081}, 
author = {Patricia Wollstadt and Joseph T. Lizier and Raul Vicente and Conor Finn and Mario Martinez-Zarzuela and Pedro Mediano and Leonardo Novelli and Michael Wibral}, 
title = {IDTxl: The Information Dynamics Toolkit xl: a Python package for the efficient analysis of multivariate information dynamics in networks}, journal = {Journal of Open Source Software} }

@article{schreiber,
  title = {Measuring Information Transfer},
  author = {Schreiber, Thomas},
  journal = {Phys. Rev. Lett.},
  volume = {85},
  issue = {2},
  pages = {461--464},
  numpages = {0},
  year = {2000},
  month = {Jul},
  publisher = {American Physical Society}
}

@article{huang,
	title={The empirical mode decomposition and the Hilbert spectrum for 					nonlinear and non-stationary time series analysis}, 
	author={Norden E. Huang and Zheng Shen and Steven R. Long and Manli C. 					Wu and Hsing H. Shih and Quanan Zheng and Nai-Chyuan Yen and Chi 			Chao Tung and Henry H. Liu},
	journal={Proc. Roc. Soc. A},
	volume={454},
	year={1998}
}

@article{granger,
 author = {C. W. J. Granger},
 journal = {Econometrica},
 number = {3},
 pages = {424--438},
 publisher = {[Wiley, Econometric Society]},
 title = {Investigating Causal Relations by Econometric Models and Cross-spectral Methods},
 urldate = {2023-10-25},
 volume = {37},
 year = {1969}
}

@article{bollt,
author = {Sun, Jie and Taylor, Dane and Bollt, Erik M.},
title = {Causal Network Inference by Optimal Causation Entropy},
journal = {SIAM Journal on Applied Dynamical Systems},
volume = {14},
number = {1},
pages = {73-106},
year = {2015}
}

@article{bollt2,
author = {A. A. R. AlMomani and Sun, Jie and Bollt, Erik M.},
title = {How entropic regression beats the outliers problem in nonlinear system identification},
journal = {Chaos},
volume = {30},
pages = {013107},
year = {2020}
}

@article{clainche,
author = {Le Clainche, Soledad and Vega, Jos\'{e} M.},
title = {Higher Order Dynamic Mode Decomposition},
journal = {SIAM Journal on Applied Dynamical Systems},
volume = {16},
number = {2},
pages = {882-925},
year = {2017}
}



@article{faes,
  title = {Information-based detection of nonlinear Granger causality in multivariate processes via a nonuniform embedding technique},
  author = {Faes, Luca and Nollo, Giandomenico and Porta, Alberto},
  journal = {Phys. Rev. E},
  volume = {83},
  issue = {5},
  pages = {051112},
  numpages = {15},
  year = {2011},
  month = {May},
  publisher = {American Physical Society},
  doi = {10.1103/PhysRevE.83.051112},
  url = {https://link.aps.org/doi/10.1103/PhysRevE.83.051112}
}

@article{idtxl2,
    author = {Novelli, Leonardo and Wollstadt, Patricia and Mediano, Pedro and Wibral, Michael and Lizier, Joseph T.},
    title = "{Large-scale directed network inference with multivariate transfer entropy and hierarchical statistical testing}",
    journal = {Network Neuroscience},
    volume = {3},
    number = {3},
    pages = {827-847},
    year = {2019}
}

@incollection{materassi1,
title = {Chapter 16 - Advanced statistical tools in the near-Earth space science},
editor = {Massimo Materassi and Biagio Forte and Anthea J. Coster and Susan Skone},
booktitle = {The Dynamical Ionosphere},
publisher = {Elsevier},
pages = {243-256},
year = {2020},
isbn = {978-0-12-814782-5},
doi = {https://doi.org/10.1016/B978-0-12-814782-5.00016-9},
url = {https://www.sciencedirect.com/science/article/pii/B9780128147825000169},
author = {Giuseppe Consolini and Massimo Materassi},
keywords = {Spatiotemporal dynamical complexity, Scaling invariance, Information theory methods}
}

@Article{materassi2,
AUTHOR = {Materassi, Massimo and Alberti, Tommaso and Migoya-Orué, Yenca and Radicella, Sandro Maria and Consolini, Giuseppe},
TITLE = {Chaos and Predictability in Ionospheric Time Series},
JOURNAL = {Entropy},
VOLUME = {25},
YEAR = {2023},
NUMBER = {2},
ARTICLE-NUMBER = {368},
}



